<?xml version="1.0" encoding="UTF-8"?>
<record xmlns="http://www.loc.gov/MARC21/slim">
   <leader>01702cam a2200397 a 4500</leader>
   <controlfield tag="001">779778</controlfield>
   <controlfield tag="003">NjP</controlfield>
   <controlfield tag="005">20190705141850.0</controlfield>
   <controlfield tag="008">840120s1978    ir            000 0 ara d</controlfield>
   <datafield tag="024" ind1="7" ind2=" ">
      <subfield code="a">princeton_aco004608</subfield>
      <subfield code="2">local</subfield>
   </datafield>
   <datafield ind1=" " ind2=" " tag="035">
      <subfield code="a">779778</subfield>
   </datafield>
   <datafield ind1=" " ind2=" " tag="035">
      <subfield code="a">(CStRLIN)NJPG84-B3653</subfield>
   </datafield>
   <datafield ind1=" " ind2=" " tag="035">
      <subfield code="9">ADR8409TS</subfield>
   </datafield>
   <datafield ind1=" " ind2=" " tag="035">
      <subfield code="z">779778</subfield>
   </datafield>
   <datafield ind1=" " ind2=" " tag="035">
      <subfield code="a">(NjP)779778</subfield>
   </datafield>
   <datafield ind1=" " ind2=" " tag="040">
      <subfield code="a">NjP</subfield>
      <subfield code="c">PUL</subfield>
      <subfield code="d">PUL</subfield>
   </datafield>
   <datafield ind1=" " ind2=" " tag="049">
      <subfield code="a">PULL</subfield>
   </datafield>
   <datafield ind1=" " ind2=" " tag="035">
      <subfield code="a">(OCoLC)ocm27325581</subfield>
   </datafield>
   <datafield ind1="1" ind2=" " tag="100">
      <subfield code="6">880-01</subfield>
      <subfield code="a">Rāwandī, Saʻīd ibn Hibat Allāh,</subfield>
      <subfield code="d">-1178.</subfield>
      <subfield code="0">http://id.loc.gov/authorities/names/n86034534</subfield>
   </datafield>
   <datafield ind1="1" ind2="0" tag="240">
      <subfield code="6">880-02</subfield>
      <subfield code="a">Kharāʼij wa-al-jarāʼiḥ</subfield>
   </datafield>
   <datafield ind1="1" ind2="0" tag="245">
      <subfield code="6">880-03</subfield>
      <subfield code="a">Kitāb al-kharāʼij wa-al-jarāʼiḥ /</subfield>
      <subfield code="c">taʼlīf Quṭb al-Dīn Rāwandī ; ṣaḥḥaḥahu wa-ʻallaqahu Asad Allāh Rabbānī.</subfield>
   </datafield>
   <datafield ind1=" " ind2=" " tag="260">
      <subfield code="6">880-04</subfield>
      <subfield code="a">Qum :</subfield>
      <subfield code="b">Intishārāt Muṣṭafawī,</subfield>
      <subfield code="c">1399 [1978]</subfield>
   </datafield>
   <datafield ind1=" " ind2=" " tag="300">
      <subfield code="a">vii, 351 p. ;</subfield>
      <subfield code="c">24 cm.</subfield>
   </datafield>
   <datafield ind1=" " ind2="0" tag="650">
      <subfield code="a">Shiites.</subfield>
      <subfield code="0">http://id.loc.gov/authorities/subjects/sh85121432</subfield>
   </datafield>
   <datafield ind1="1" ind2=" " tag="700">
      <subfield code="6">880-05</subfield>
      <subfield code="a">Rabbānī, Asad Allāh.</subfield>
   </datafield>
   <datafield ind1="0" ind2=" " tag="740">
      <subfield code="6">880-06</subfield>
      <subfield code="a">Kharāʼij wa-al-jarāʼiḥ.</subfield>
   </datafield>
   <datafield ind1="1" ind2=" " tag="880">
      <subfield code="6">100-01/r</subfield>
      <subfield code="a">راوندي، سعيد بن هبة الله،</subfield>
      <subfield code="d">-1178.</subfield>
   </datafield>
   <datafield ind1="1" ind2="0" tag="880">
      <subfield code="6">240-02/r</subfield>
      <subfield code="a">خرائج والجرائح</subfield>
   </datafield>
   <datafield ind1="1" ind2="0" tag="880">
      <subfield code="6">245-03/r</subfield>
      <subfield code="a">كتاب الخرائج والجرائح /</subfield>
      <subfield code="c">تأليف قطب الدين راوندي ؛ صححه وعلقه اسد الله رباني.</subfield>
   </datafield>
   <datafield ind1=" " ind2=" " tag="880">
      <subfield code="6">260-04/r</subfield>
      <subfield code="a">قم :</subfield>
      <subfield code="b">انتشارات مصطفوي،</subfield>
      <subfield code="c">1399 [1978]</subfield>
   </datafield>
   <datafield ind1="1" ind2=" " tag="880">
      <subfield code="6">700-05/r</subfield>
      <subfield code="a">رباني، اسد الله.</subfield>
   </datafield>
   <datafield ind1="0" ind2=" " tag="880">
      <subfield code="6">740-06/r</subfield>
      <subfield code="a">خرائج والجرائح.</subfield>
   </datafield>
   <datafield ind1=" " ind2=" " tag="911">
      <subfield code="a">19930125</subfield>
   </datafield>
   <datafield ind1=" " ind2=" " tag="912">
      <subfield code="a">19930111000000.0</subfield>
   </datafield>
   <datafield ind1=" " ind2=" " tag="998">
      <subfield code="a">01/11/93</subfield>
      <subfield code="s">9118</subfield>
      <subfield code="n">NjP</subfield>
      <subfield code="w">NJPG84B3653</subfield>
      <subfield code="d">01/20/84</subfield>
      <subfield code="c">JAB</subfield>
      <subfield code="b">JAB</subfield>
      <subfield code="i">930111</subfield>
      <subfield code="l">NJPG</subfield>
   </datafield>
   <datafield ind1=" " ind2=" " tag="994">
      <subfield code="a">C0</subfield>
      <subfield code="b">PUL</subfield>
   </datafield>
   <datafield ind1=" " ind2=" " tag="999">
      <subfield code="a">779778</subfield>
   </datafield>
   <datafield ind1=" " ind2=" " tag="979">
      <subfield code="a">(OCoLC)ocn176708146</subfield>
   </datafield>
   <datafield ind1="8" ind2="0" tag="852">
      <subfield code="0">881246</subfield>
      <subfield code="b">rcppa</subfield>
      <subfield code="t">1</subfield>
      <subfield code="h">2274.3624.352 1978</subfield>
      <subfield code="x">tr fr f</subfield>
   </datafield>
   <datafield ind1=" " ind2=" " tag="959">
      <subfield code="a">2000-06-13 00:00:00 -0500</subfield>
   </datafield>
</record>
